@article{kingma2013auto,
  title={Auto-encoding variational bayes},
  author={Kingma, Diederik P and Welling, Max},
  journal={arXiv preprint arXiv:1312.6114},
  year={2013}
}

@article{levine2018reinforcement,
  title={Reinforcement learning and control as probabilistic inference: Tutorial and review},
  author={Levine, Sergey},
  journal={arXiv preprint arXiv:1805.00909},
  year={2018}
}

@article{grau2018soft,
  title={Soft q-learning with mutual-information regularization},
  author={Grau-Moya, Jordi and Leibfried, Felix and Vrancx, Peter},
  year={2018}
}

@article{tian2019regularized,
  title={A Regularized Opponent Model with Maximum Entropy Objective},
  author={Tian, Zheng and Wen, Ying and Gong, Zhichen and Punakkath, Faiz and Zou, Shihao and Wang, Jun},
  journal={arXiv preprint arXiv:1905.08087},
  year={2019}
}

@inproceedings{grau2018balancing,
  title={Balancing two-player stochastic games with soft Q-learning},
  author={Grau-Moya, Jordi and Leibfried, Felix and Bou-Ammar, Haitham},
  booktitle={Proceedings of the 27th International Joint Conference on Artificial Intelligence},
  pages={268--274},
  year={2018},
  organization={AAAI Press}
}

@article{wen2019probabilistic,
  title={Probabilistic recursive reasoning for multi-agent reinforcement learning},
  author={Wen, Ying and Yang, Yaodong and Luo, Rui and Wang, Jun and Pan, Wei},
  journal={arXiv preprint arXiv:1901.09207},
  year={2019}
}

@article{wen2019multi,
  title={Multi-Agent Generalized Recursive Reasoning},
  author={Wen, Ying and Yang, Yaodong and Lu, Rui and Wang, Jun},
  journal={arXiv preprint arXiv:1901.09216},
  year={2019}
}

@inproceedings{haarnoja2017reinforcement,
  title={Reinforcement learning with deep energy-based policies},
  author={Haarnoja, Tuomas and Tang, Haoran and Abbeel, Pieter and Levine, Sergey},
  booktitle={Proceedings of the 34th International Conference on Machine Learning-Volume 70},
  pages={1352--1361},
  year={2017},
  organization={JMLR. org}
}